@article{p1,
  author  = {John Smith},
  title   = {Title of the publication},
  journal = {Journal Name},
  year    = {2012},
  volume  = {12},
  number  = {3},
  pages   = {45--678}
}

@article{schrier2021systematic,
  title     = {A systematic literature review of ‘empathy’and ‘games’},
  author    = {Schrier, Karen and Farber, Matthew},
  journal   = {Journal of Gaming \& Virtual Worlds},
  volume    = {13},
  number    = {2},
  pages     = {195--214},
  year      = {2021},
  publisher = {Intellect}
}

@article{kleinsmith2015understanding,
  title     = {Understanding empathy training with virtual patients},
  author    = {Kleinsmith, Andrea and Rivera-Gutierrez, Diego and Finney, Glen and Cendan, Juan and Lok, Benjamin},
  journal   = {Computers in human behavior},
  volume    = {52},
  pages     = {151--158},
  year      = {2015},
  publisher = {Elsevier}
}


@article{garcia2016virtual,
  title     = {Virtual empathy as digital competence in education 3.0},
  author    = {Garc{\'\i}a-P{\'e}rez, Rafael and Santos-Delgado, Juan-Manuel and Buz{\'o}n-Garc{\'\i}a, Olga},
  journal   = {International Journal of Educational Technology in Higher Education},
  volume    = {13},
  pages     = {1--10},
  year      = {2016},
  publisher = {Springer}
}

@article{barney2012disability,
  title     = {Disability simulations: Using the social model of disability to update an experiential educational practice},
  author    = {Barney, Keith W},
  journal   = {SCHOLE: A Journal of Leisure Studies and Recreation Education},
  volume    = {27},
  number    = {1},
  pages     = {1--11},
  year      = {2012},
  publisher = {Taylor \& Francis}
}

@article{muravevskaia2023designing,
  title     = {Designing a Virtual Reality Empathy Game framework to create empathic experiences for children},
  author    = {Muravevskaia, Ekaterina and Gardner-McCune, Christina},
  journal   = {International Journal of Child-Computer Interaction},
  volume    = {35},
  pages     = {100561},
  year      = {2023},
  publisher = {Elsevier}
}

@article{zwolinski2023enhancing,
  title     = {Enhancing empathy through virtual reality: Developing a universal design training application for students},
  author    = {Zwoli{\'n}ski, Grzegorz and Kami{\'n}ska, Dorota and Haamer, Rain E and Pinto-Coelho, Luis and Anbarjafari, Gholamreza},
  journal   = {Medycyna Pracy},
  volume    = {74},
  number    = {3},
  pages     = {199--210},
  year      = {2023},
  publisher = {Instytut Medycyny Pracy im. prof. dra Jerzego Nofera w {\L}odzi}
=======
@article{lee2024measurement,
  title={Measurement of Empathy in Virtual Reality with Head-Mounted Displays: A Systematic Review},
  author={Lee, Yongho and Shin, Heesook and Gil, Youn-Hee},
  journal={IEEE Transactions on Visualization and Computer Graphics},
  volume={30},
  number={5},
  pages={2485--2495},
  year={2024},
  publisher={IEEE}
}
@article{paananen2022digital,
  title={From digital media to empathic reality: A systematic review of empathy research in extended reality environments},
  author={Paananen, Ville and Kiarostami, Mohammad Sina and Lee, Lik-Hang and Braud, Tristan and Hosio, Simo},
  journal={arXiv preprint arXiv:2203.01375},
  year={2022}
}